%% This BibTeX bibliography file was created using BibDesk.
%% http://bibdesk.sourceforge.net/

%% Created for Dale Koenig at 2018-11-09 15:26:34 +0900 


%% Saved with string encoding Unicode (UTF-8) 



@book{Johannson1,
	Address = {Berlin},
	Author = {Johannson, Klaus},
	Date-Added = {2018-11-09 15:24:50 +0900},
	Date-Modified = {2018-11-09 15:26:27 +0900},
	Publisher = {Springer-Verlag},
	Series = {Lecture Notes in Mathematics},
	Title = {Topology and combinatorics of 3-manifolds},
	Volume = {1599},
	Year = {1995}}

@unpublished{BaykurSaeki1,
	Author = {Baykur, Inanc and Saeki, Osamu},
	Date-Added = {2018-11-08 14:34:12 +0900},
	Date-Modified = {2018-11-08 14:35:03 +0900},
	Note = {arXiv:1710.06529},
	Title = {Simplified broken Lefschetz fibrations and trisections of 4-manifolds},
	Year = {2017}}

@unpublished{Islambouli1,
	Author = {Islambouli, Gabriel},
	Date-Added = {2018-11-08 13:30:24 +0900},
	Date-Modified = {2018-11-08 13:31:57 +0900},
	Note = {arXiv:1804.06978},
	Title = {Nielsen equivalence and trisections of 4-manifolds},
	Year = {2018}}

@article{BonahonOtal1,
	Author = {Bonahon, Francis and Otal, Jean-Pierre},
	Journal = {{Annuals Scientifiques del'Ecole Norm Sup}},
	Pages = {451--467},
	Title = {Scindements de {Heegaard} des espaces lenticulairs},
	Volume = {16},
	Year = {1983}}

@article{Schultens1,
	Author = {Schultens, Jennifer},
	Journal = {{Proceedings of the London Mathematical Society}},
	Pages = {401--487},
	Title = {The classification of {Heegaard} splittings for (closed orientable surface){ $\times ~S^1$}},
	Volume = {67},
	Year = {1993}}

@article{ScharlemannTomova1,
	Author = {Scharlemann, Martin and Tomova, Maggy},
	Journal = {Geometry \& Topology},
	Pages = {593--617},
	Title = {Alternate {Heegaard} genus bounds distance},
	Volume = {10},
	Year = {2006}}

@phdthesis{Heegaard1,
	Author = {Heegaard, Poul},
	School = {Kobenhavns Universitet},
	Title = {Forstudier til en topologisk Teori for de algebraiske Fladers Sammenhang},
	Year = {1898}}

@unpublished{Johnson1,
	Author = {Johnson, Jesse},
	Date-Modified = {2018-10-11 13:47:34 +0900},
	Note = {https://users.math.yale.edu/~jj327/notes.pdf},
	Title = {Notes on {H}eegaard splittings},
	Year = {2006}}

@book{Milnor1,
	Author = {Milnor, John},
	Isbn = {0-691-08008-9},
	Publisher = {Princeton University Press},
	Title = {Morse Theory},
	Year = {1963}}

@article{Hempel1,
	Author = {Hempel, John},
	Journal = {Topology},
	Number = {3},
	Pages = {631--657},
	Title = {3-manifolds as viewed from the curve complex},
	Volume = {40},
	Year = {2001}}

@article{Haken1,
	Author = {Haken, Wolfgang},
	Journal = {Studies in Modern Topology},
	Other = {{Math. Assoc. Amer., distributed by: Prentice-Hall}},
	Pages = {39--98},
	Title = {Some results on surfaces in 3-manifolds},
	Year = {1968}}

@article{GayKirby1,
	Author = {Gay, David and Kirby, Robion},
	Journal = {Geom. \& Topo.},
	Number = {6},
	Pages = {3097--3132},
	Title = {Trisecting 4-manifolds},
	Volume = {20},
	Year = {2016}}

@unpublished{GayKirby2,
	Archiveprefix = {arXiv},
	Author = {Gay, David and Kirby, Robion},
	Eprint = {1102.0750},
	Title = {Indefinite {M}orse 2-functions: {B}roken fibrations and generalizations},
	Year = {2011}}

@unpublished{Schirmer1,
	Archiveprefix = {arXiv},
	Author = {Schirmer, Trent},
	Eprint = {1053.08511v1},
	Title = {The Classification of some {GK}-Trisections},
	Year = {2015}}

@unpublished{MeierZupan1,
	Archiveprefix = {arXiv},
	Author = {Meier, Jeffrey and Zupan, Alexander},
	Eprint = {1410.8133v1},
	Title = {Genus two trisections are standard},
	Year = {2014}}

@article{MeierSchirmerZupan1,
	Author = {Meier, Jeffrey and Schirmer, Trent and Zupan, Alexander},
	Journal = {Proc. Amer. Math. Soc.},
	Number = {11},
	Pages = {4983--4997},
	Title = {Classification of trisections and the generalized property {R} conjecture},
	Volume = {144},
	Year = {2016}}

@unpublished{CoffeyRubinstein1,
	Archiveprefix = {arXiv},
	Author = {Coffey, James and Rubinstein, Hyam},
	Eprint = {0601718v2},
	Title = {3-manifolds built from injective handlebodies},
	Year = {2006}}

@article{LaudenbachPoenaru1,
	Author = {Laudenbach, Fran\c{c}ois and Po\'{e}naru, Valentin},
	Journal = {Bull. Soc. Math. France},
	Pages = {337--344},
	Title = {A note on 4-dimensional handlebodies},
	Volume = {100},
	Year = {1972}}

@phdthesis{Koenig1,
	Author = {Koenig, Dale},
	School = {University of {C}alifornia, {D}avis},
	Title = {Trisections in three and four dimensions},
	Year = {2017}}

@article{ScharlemannThompson1,
	Author = {Scharlemann, Martin and Thompson, Abigail},
	Journal = {Contemporary Mathematics},
	Title = {Thin position for 3-manifolds},
	Volume = {104},
	Year = {1994}}

@article{ScharlemannThompson2,
	Author = {Scharlemann, Martin and Thompson, Abigail},
	Journal = {Math. Ann.},
	Pages = {549--564},
	Title = {{H}eegaard splittings of $(\mathrm{surface})\times {I}$ are standard},
	Volume = {295},
	Year = {1993}}

@article{Reidemeister1,
	Author = {Reidemeister, Kurt},
	Journal = {Abh. Math. Sem. Univ. Hamburg},
	Pages = {189--194},
	Title = {Zur dreidimensionalen Topologie},
	Volume = {11},
	Year = {1933}}

@article{Reidemeister2,
	Author = {Reidemeister, Kurt},
	Journal = {Abh. Math. Sem. Univ. Hamburg},
	Pages = {102--109},
	Title = {Homotopieringe und {L}insenr{\"a}ume},
	Volume = {11},
	Year = {1935}}

@article{Brody1,
	Author = {Brody, E.J.},
	Journal = {Annals of Mathematics},
	Pages = {163--184},
	Title = {The topological classification of the lens spaces},
	Volume = {71},
	Year = {1960}}

@article{Singer1,
	Author = {Singer, James},
	Journal = {Trans. Amer. Math. Soc.},
	Pages = {88--111},
	Title = {Three-dimensional manifolds and their {Heegaard} diagrams},
	Volume = {35},
	Year = {1933}}

@article{GirouxGoodman1,
	Author = {Giroux, Emmanuel and Goodman, Noah},
	Journal = {Geometric Topology},
	Pages = {97--114},
	Title = {On the stable equivalence of open books in three-manifolds},
	Volume = {10},
	Year = {2006}}

@article{Waldhausen1,
	Author = {Waldhausen, Friedhelm},
	Journal = {Topology},
	Pages = {195--203},
	Title = {Heegaard-Zerlegungen der 3-sph{\"a}re},
	Volume = {7},
	Year = {1968}}

@article{CassonGordon1,
	Author = {Casson, Andrew and Gordon, Cameron},
	Journal = {Topology and its Applications},
	Pages = {275--283},
	Title = {Reducing Heegaard Splittings},
	Volume = {27},
	Year = {1987}}

@article{KodaOzawa1,
	Author = {Koda, Yuya and Ozawa, Makoto},
	Journal = {Transactions of the American Mathematical Society},
	Pages = {2875--2904},
	Title = {Essential surfaces of non-negative {E}uler characteristic in genus two handlebody exteriors},
	Volume = {367},
	Year = {2015}}

@article{BachmanSchleimer1,
	Author = {Bachman, David and Schleimer, Saul},
	Journal = {Communications in Analysis and Geometry},
	Number = {5},
	Pages = {1--26},
	Title = {Surface Bundles versus {Heegaard} Splittings},
	Volume = {13},
	Year = {2005}}

@article{BachmanDerbyTalbot1,
	Author = {Bachman, David and Derby{-}Talbot, Ryan},
	Journal = {Algebr. Geom. Topol.},
	Pages = {351--372},
	Title = {Non-isotopic {H}eegaard splittings of {S}eifert fibered spaces},
	Volume = {6},
	Year = {2006}}
